<record xmlns="http://www.loc.gov/MARC21/slim" xmlns:xsi="http://www.w3.org/2001/XMLSchema-instance" xsi:schemaLocation="http://www.loc.gov/MARC21/slim http://www.loc.gov/standards/marcxml/schema/MARC21slim.xsd"><leader>01933nam a2200421   4500</leader><controlfield tag="001">1927990</controlfield><controlfield tag="003">NIC</controlfield><controlfield tag="006">m        d        </controlfield><controlfield tag="007">cr cn |||m|||a</controlfield><controlfield tag="008">150116s1956    sy      ob    000 0 arard</controlfield><datafield ind1=" " ind2=" " tag="040"><subfield code="a">NNU</subfield><subfield code="b">eng</subfield><subfield code="e">rda</subfield><subfield code="c">NNU</subfield></datafield><datafield ind1="1" ind2=" " tag="041"><subfield code="a">ara</subfield><subfield code="h">fre</subfield></datafield><datafield ind1=" " ind2="4" tag="050"><subfield code="a">PJ7526</subfield><subfield code="b">.B53 1956</subfield></datafield><datafield ind1="1" ind2=" " tag="100"><subfield code="a">Blache&#768;re, Re&#769;gis,</subfield><subfield code="d">1900-1973.</subfield></datafield><datafield ind1="1" ind2="0" tag="240"><subfield code="a">Histoire de la litte&#769;rature arabe.</subfield><subfield code="l">Arabic</subfield></datafield><datafield ind1="1" ind2="0" tag="245"><subfield code="6">880-01</subfield><subfield code="a">Ta&#772;ri&#772;kh al-adab al-&#699;Arabi&#772; :</subfield><subfield code="b">al-&#699;as&#803;r al-Ja&#772;hili&#772; /</subfield><subfield code="c">ta&#700;li&#772;f Ri&#772;ji&#772;s Bla&#772;shi&#772;r ; ta&#699;ri&#772;b Ibra&#772;hi&#772;m Ki&#772;la&#772;ni&#772;.</subfield></datafield><datafield ind1=" " ind2=" " tag="260"><subfield code="6">880-02</subfield><subfield code="a">Dimashq :</subfield><subfield code="b">Da&#772;r al-Fikr,</subfield><subfield code="c">[1956?]</subfield></datafield><datafield ind1=" " ind2=" " tag="300"><subfield code="a">online resource (193 pages)</subfield></datafield><datafield ind1=" " ind2=" " tag="336"><subfield code="a">text</subfield><subfield code="2">rdacontent</subfield></datafield><datafield ind1=" " ind2=" " tag="337"><subfield code="a">computer</subfield><subfield code="2">rdamedia</subfield></datafield><datafield ind1=" " ind2=" " tag="338"><subfield code="a">online resource</subfield><subfield code="2">rdacarrier</subfield></datafield><datafield ind1=" " ind2=" " tag="500"><subfield code="a">Part of the Arabic Collections Online (ACO) project, contributed by Cornell University Libraries.</subfield></datafield><datafield ind1=" " ind2=" " tag="504"><subfield code="a">Includes bibliographical references.</subfield></datafield><datafield ind1=" " ind2=" " tag="533"><subfield code="a">Electronic reproduction.</subfield><subfield code="b">New York, N.Y. :</subfield><subfield code="c">New York University,</subfield><subfield code="d">2015.</subfield><subfield code="5">NNU</subfield></datafield><datafield ind1=" " ind2="0" tag="650"><subfield code="a">Arabic literature</subfield><subfield code="y">To 632</subfield><subfield code="x">History.</subfield></datafield><datafield ind1=" " ind2="7" tag="650"><subfield code="a">Arabic literature.</subfield><subfield code="2">fast</subfield><subfield code="0">(OCoLC)fst00812478</subfield></datafield><datafield ind1=" " ind2="7" tag="648"><subfield code="a">To 632</subfield><subfield code="2">fast</subfield></datafield><datafield ind1=" " ind2="7" tag="655"><subfield code="a">History.</subfield><subfield code="2">fast</subfield><subfield code="0">(OCoLC)fst01411628</subfield></datafield><datafield ind1="1" ind2=" " tag="700"><subfield code="6">880-03</subfield><subfield code="a">Ki&#772;la&#772;ni&#772;, Ibra&#772;hi&#772;m. </subfield></datafield><datafield ind1="2" ind2=" " tag="710"><subfield code="a">Cornell University.</subfield><subfield code="b">Libraries.</subfield></datafield><datafield ind1="0" ind2=" " tag="730"><subfield code="a">Arabic Collections Online.</subfield></datafield><datafield ind1="0" ind2="8" tag="776"><subfield code="i">Print version:</subfield><subfield code="a">Blache&#768;re, Re&#769;gis, 1900-1973.</subfield><subfield code="t">Ta&#772;ri&#772;kh al-adab al-&#699;Arabi&#772;</subfield><subfield code="w">(NIC)1927990</subfield><subfield code="w">(OCoLC)21626886</subfield></datafield><datafield ind1="4" ind2="0" tag="856"><subfield code="u">http://hdl.handle.net/2333.1/59zw3t8p</subfield></datafield><datafield ind1="1" ind2="0" tag="880"><subfield code="6">245-01/r</subfield><subfield code="a">&#1578;&#1575;&#1585;&#1610;&#1582; &#1575;&#1604;&#1571;&#1583;&#1576; &#1575;&#1604;&#1593;&#1585;&#1576;&#1610; :</subfield><subfield code="b">&#1575;&#1604;&#1593;&#1589;&#1585; &#1575;&#1604;&#1580;&#1575;&#1607;&#1604;&#1610; /</subfield><subfield code="c">&#1578;&#1571;&#1604;&#1610;&#1601; &#1585;&#1610;&#1580;&#1610;&#1587; &#1576;&#1604;&#1575;&#1588;&#1610;&#1585; &#1563; &#1578;&#1593;&#1585;&#1610;&#1576; &#1575;&#1576;&#1585;&#1575;&#1607;&#1610;&#1605; &#1603;&#1610;&#1604;&#1575;&#1606;&#1610;.</subfield></datafield><datafield ind1=" " ind2=" " tag="880"><subfield code="6">260-02/r</subfield><subfield code="a">&#1576;&#1610;&#1585;&#1608;&#1578; :</subfield><subfield code="b">&#1583;&#1575;&#1585; &#1575;&#1604;&#1601;&#1603;&#1585;&#1548;</subfield><subfield code="c">[&#1633;&#1641;&#1637;&#1638;].</subfield></datafield><datafield ind1="1" ind2=" " tag="880"><subfield code="6">700-03/r</subfield><subfield code="a">&#1603;&#1610;&#1604;&#1575;&#1606;&#1610;&#1548; &#1575;&#1576;&#1585;&#1575;&#1607;&#1610;&#1605;.</subfield></datafield><datafield ind1=" " ind2=" " tag="959"><subfield code="a">NNU</subfield><subfield code="b">WEB</subfield><subfield code="c">GENI</subfield><subfield code="t">0</subfield><subfield code="m">Electronic access</subfield><subfield code="s">01</subfield></datafield><datafield ind1=" " ind2=" " tag="999"><subfield code="i">NIC_1927990</subfield><subfield code="o">(OCoLC)ocm21626886</subfield></datafield></record>